<record><leader>00000cas a2200000 a 4500</leader><controlfield tag="001">226861055</controlfield><controlfield tag="007">hd afa014bacp</controlfield><controlfield tag="007">hd bfa014baap</controlfield><controlfield tag="007">hd bfa014babp</controlfield><controlfield tag="008">080501d1894189uwauwr n a     0    0eng c</controlfield><datafield ind1=" " ind2=" " tag="010"><subfield code="a">  2008252686</subfield></datafield><datafield ind1=" " ind2=" " tag="040"><subfield code="a">WAU</subfield><subfield code="b">eng</subfield><subfield code="c">WAU</subfield><subfield code="d">WAU</subfield><subfield code="d">DLC</subfield><subfield code="d">OCLCQ</subfield><subfield code="d">OCLCA</subfield><subfield code="d">OCLCF</subfield><subfield code="d">OCLCQ</subfield></datafield><datafield ind1=" " ind2=" " tag="042"><subfield code="a">pcc</subfield></datafield><datafield ind1=" " ind2=" " tag="043"><subfield code="a">n-us-wa</subfield></datafield><datafield ind1="0" ind2=" " tag="130"><subfield code="a">Ranch (North Yakima, Wash.)</subfield></datafield><datafield ind1="1" ind2="4" tag="245"><subfield code="a">The ranch.</subfield></datafield><datafield ind1=" " ind2=" " tag="250"><subfield code="a">Weekly ed.</subfield></datafield><datafield ind1=" " ind2=" " tag="260"><subfield code="a">North Yakima, Wash. :</subfield><subfield code="b">[publisher not identified],</subfield><subfield code="c">[1894]-</subfield></datafield><datafield ind1=" " ind2=" " tag="300"><subfield code="a">volumes :</subfield><subfield code="b">illustrations ;</subfield><subfield code="c">29 cm</subfield></datafield><datafield ind1=" " ind2=" " tag="310"><subfield code="a">Weekly</subfield></datafield><datafield ind1=" " ind2=" " tag="336"><subfield code="a">text</subfield><subfield code="b">txt</subfield><subfield code="2">rdacontent</subfield></datafield><datafield ind1=" " ind2=" " tag="337"><subfield code="a">microform</subfield><subfield code="b">h</subfield><subfield code="2">rdamedia</subfield></datafield><datafield ind1=" " ind2=" " tag="338"><subfield code="a">microfilm reel</subfield><subfield code="b">hd</subfield><subfield code="2">rdacarrier</subfield></datafield><datafield ind1="0" ind2=" " tag="362"><subfield code="a">Vol. 1, no. 1 (Jan. 20, 1894)-</subfield></datafield><datafield ind1=" " ind2=" " tag="500"><subfield code="a">"A journal of the land and the home in the New West."</subfield></datafield><datafield ind1=" " ind2=" " tag="500"><subfield code="a">Published: Yakima Pub. Co., Mar. 31, 1894-</subfield></datafield><datafield ind1=" " ind2=" " tag="500"><subfield code="a">Published also in a monthly edition.</subfield></datafield><datafield ind1=" " ind2=" " tag="588"><subfield code="a">Latest issue consulted: Vol. 1, no. 30 (Aug. 1894).</subfield></datafield><datafield ind1=" " ind2=" " tag="533"><subfield code="a">Microfilm.</subfield><subfield code="m">v.1:no. 1-v.1:no. 30 (Jan. 20-Aug. 1894):[Gaps]</subfield><subfield code="b">Lacey, WA :</subfield><subfield code="c">OCLC Preservation Service Center on behalf of University of Washington Libraries,</subfield><subfield code="d">2007.</subfield><subfield code="e">1 microfilm reel ; 35 mm.</subfield><subfield code="f">(USAIN state and local literature preservation project. Washington).</subfield><subfield code="n">Filmed with: Ranche and range.</subfield><subfield code="n">Has some damaged or missing pages.</subfield></datafield><datafield ind1=" " ind2="0" tag="650"><subfield code="a">Agriculture</subfield><subfield code="z">Washington (State)</subfield><subfield code="v">Newspapers.</subfield></datafield><datafield ind1=" " ind2="0" tag="650"><subfield code="a">Livestock</subfield><subfield code="z">Washington (State)</subfield><subfield code="v">Newspapers.</subfield></datafield><datafield ind1=" " ind2="0" tag="651"><subfield code="a">Washington (State)</subfield><subfield code="v">Newspapers.</subfield></datafield><datafield ind1=" " ind2="7" tag="650"><subfield code="a">Agriculture.</subfield><subfield code="2">fast</subfield><subfield code="0">(OCoLC)fst00801355</subfield></datafield><datafield ind1=" " ind2="7" tag="650"><subfield code="a">Livestock.</subfield><subfield code="2">fast</subfield><subfield code="0">(OCoLC)fst01000722</subfield></datafield><datafield ind1=" " ind2="7" tag="651"><subfield code="a">Washington (State)</subfield><subfield code="2">fast</subfield><subfield code="0">(OCoLC)fst01204703</subfield></datafield><datafield ind1=" " ind2="7" tag="655"><subfield code="a">Newspapers.</subfield><subfield code="2">fast</subfield><subfield code="0">(OCoLC)fst01423814</subfield></datafield><datafield ind1=" " ind2=" " tag="752"><subfield code="a">United States</subfield><subfield code="b">Washington</subfield><subfield code="c">Yakima</subfield><subfield code="d">Yakima.</subfield></datafield><datafield ind1="1" ind2=" " tag="776"><subfield code="c">Original</subfield><subfield code="x">2158-2548</subfield><subfield code="w">(DLC)  2007252175</subfield><subfield code="w">(OCoLC)124508912</subfield></datafield><datafield ind1="0" ind2="5" tag="780"><subfield code="t">Washington state weather reporter</subfield><subfield code="g">Aug. 1894</subfield></datafield><datafield ind1="0" ind2="0" tag="785"><subfield code="t">Ranche and range</subfield><subfield code="w">(DLC)  2008252687</subfield><subfield code="w">(OCoLC)226868705</subfield></datafield><datafield ind1=" " ind2="0" tag="830"><subfield code="a">USAIN state and local literature preservation project.</subfield><subfield code="p">Washington.</subfield></datafield><datafield ind1=" " ind2=" " tag="850"><subfield code="a">WaU</subfield><subfield code="a">WaU (master)</subfield></datafield></record>